
@misc{react_and_performance,
	title = {React + {Performance} = ?},
	url = {https://aerotwist.com/blog/react-plus-performance-equals-what/},
	author = {Lewis, Paul}
}

@misc{ux_myths,
	title = {{UX} {Myths}},
	url = {http://uxmyths.com},
	urldate = {2016-01-18},
	journal = {UX Myths}
}



@misc{darkpatterns,
	title = {http://darkpatterns.org/}
}

@misc{introducing_RAIL,
	title = {Introducing {RAIL}: {A} {User}-{Centric} {Model} {For} {Performance}},
	shorttitle = {Introducing {RAIL}},
	url = {https://www.smashingmagazine.com/2015/10/rail-user-centric-model-performance/},
	abstract = {RAIL is a model for breaking down UX into key actions; it provides concrete performance goals and a structure for thinking about performance strategically.},
	urldate = {2016-01-18},
	journal = {Smashing Magazine},
	month = oct,
	year = {2015}
}

@book{usability_engineering,
	address = {Boston},
	edition = {1 edition},
	title = {Usability {Engineering}},
	isbn = {978-0-12-518406-9},
	abstract = {Written by the author of the best-selling HyperText \& HyperMedia, this book is an excellent guide to the methods of usability engineering. The book provides the tools needed to avoid usability surprises and improve product quality. Step-by-step information on which method to use at various stages during the development lifecycle are included, along with detailed information on how to run a usability test and the unique issues relating to international usability.                                       * Emphasizes cost-effective methods that developers can implement immediately* Instructs readers about which methods to use when, throughout the development lifecycle, which ultimately helps in cost-benefit analysis. * Shows readers how to avoid the four most frequently listed reasons for delay in software projects.* Includes detailed information on how to run a usability test.* Covers unique issues of international usability.* Features an extensive bibliography allowing readers to find additional information.* Written by an internationally renowned expert in the field and the author of the best-selling HyperText \& HyperMedia.},
	language = {English},
	publisher = {Morgan Kaufmann},
	month = sep,
	year = {1993}
}

@book{dont_make_me_think,
	address = {Berkeley, Calif},
	edition = {2 edition},
	title = {Don't {Make} {Me} {Think}!: {A} {Common} {Sense} {Approach} to {Web} {Usability}},
	isbn = {978-0-321-34475-5},
	shorttitle = {Don't {Make} {Me} {Think}!},
	abstract = {Five years and more than 100,000 copies after it was first published, it's hard to imagine anyone working in Web design who hasn't read Steve Krug's "instant classic" on Web usability, but people are still discovering it every day.  In this second edition, Steve adds three new chapters in the same style as the original: wry and entertaining, yet loaded with insights and practical advice for novice and veteran alike.  Don't be surprised if it completely changes the way you think about Web design.Three New Chapters!Usability as common courtesy -- Why people really leave Web sites Web Accessibility, CSS, and you -- Making sites usable and accessible Help! My boss wants me to \_\_\_\_\_\_. -- Surviving executive design whims"I thought usability was the enemy of design until I read the first edition of this book.  Don't Make Me Think! showed me how to put myself in the position of the person who uses my site.  After reading it over a couple of hours and putting its ideas to work for the past five years, I can say it has done more to improve my abilities as a Web designer than any other book.In this second edition, Steve Krug adds essential ammunition for those whose bosses, clients, stakeholders, and marketing managers insist on doing the wrong thing.  If you design, write, program, own, or manage Web sites, you must read this book."  -- Jeffrey Zeldman, author of Designing with Web Standards},
	language = {English},
	publisher = {New Riders},
	author = {Krug, Steve},
	month = aug,
	year = {2005}
}

@misc{malt.io,
	title = {Malt.io {Blog}: {Malt}.io is {Born}},
	shorttitle = {Malt.io {Blog}},
	url = {http://blog.malt.io/2012/09/maltio-is-born.html},
	abstract = {Malt.io was designed from the ground up to work with modern web technologies to allow you to easily create, publish, edit, clone, share, and brew beer recipes. You can follow other users and like popular recipes, and much more.},
	urldate = {2016-01-18},
	author = {Taylor, Daniel}
}

@book{designing_for_performance,
	title = {Designing for {Performance}},
	url = {http://shop.oreilly.com/product/0636920033578.do},
	abstract = {As a web designer, you encounter tough choices when it comes to weighing aesthetics and performance. Good content, layout, images, and interactivity are essential for engaging your audience, and each of these elements have an enormous impact on...},
	urldate = {2016-01-18}
}

@misc{why_your_user_interface_is_awkward,
	title = {Scott {Hurff}},
	url = {posts/why-your-user-interface-is-awkward-youre-ignoring-the-ui-stack},
	abstract = {I'm Scott Hurff, and I love to help you build better products. I'm on the founding team of a Kleiner Perkins-backed mobile startup, created a course for designers to learn Quartz Composer, and I'm writing a book about how product designers work.},
	urldate = {2016-01-18},
	journal = {Scott Hurff}
}

@misc{why_web_performance_matters,
    title = {Why Web Performance Matters: Is Your Site Driving Customers Away?}
    url = {http://www.mcrinc.com/Documents/Newsletters/201110_why_web_performance_matters.pdf}
    month = oct, 
    year = {2011}
}

@misc{performance_mvc,
    title = {Performance Impact of Popular JavaScript MVC Frameworks}
    author = {Scott Jehl{,} Todd Parker{,} John Bender},
    month = dec,
    year = {2014}
}